
@online{center_for_history_and_new_media_zotero_????,
	title = {Zotero Quick Start Guide},
	url = {http://zotero.org/support/quick_start_guide},
	author = {{Center for History and New Media}}
}

@book{knuth_fundamental_2013,
	location = {Upper Saddle River, {NJ}},
	edition = {3. ed., 31. printing, newly updated and rev},
	title = {Fundamental algorithms},
	isbn = {978-0-201-89683-1},
	series = {The art of computer programming},
	pagetotal = {652},
	number = {Donald E. Knuth ; Vol. 1},
	publisher = {Addison-Wesley},
	author = {Knuth, Donald Ervin},
	date = {2013},
	file = {Table of Contents PDF:/home/vh/.mozilla/firefox/red724qy.default-1434097838848/zotero/storage/MHCRJXGP/Knuth and Knuth - 2013 - Fundamental algorithms.pdf:application/pdf}
}

@incollection{__????
}