@book{Knuth:1997:ACP:260999,
 author = {Knuth, Donald E.},
 title = {The Art of Computer Programming, Volume 1 (3rd Ed.): Fundamental Algorithms},
 year = {1997},
 isbn = {0-201-89683-4},
 publisher = {Addison Wesley Longman Publishing Co., Inc.},
 address = {Redwood City, CA, USA},
}

@book{Cormen:2001:IA:580470,
    author = {Cormen, Thomas H. and Stein, Clifford and Rivest, Ronald L. and Leiserson, Charles E.},
    title = {Introduction to Algorithms},
    year = {2001},
    isbn = {0070131511},
    edition = {2nd},
    publisher = {McGraw-Hill Higher Education},
} 
